<?xml version="1.0" encoding="UTF-8"?><record xmlns="http://www.loc.gov/MARC21/slim" xmlns:cinclude="http://apache.org/cocoon/include/1.0" xmlns:zs="http://www.loc.gov/zing/srw/">
  <leader>00550cz  a2200157n  4500</leader>
  <controlfield tag="001">n  82238566 </controlfield>
  <controlfield tag="003">DLC</controlfield>
  <controlfield tag="005">20010728071932.0</controlfield>
  <controlfield tag="008">831227n| acannaabn          |a ana      </controlfield>
  <datafield tag="010" ind1=" " ind2=" ">
    <subfield code="a">n  82238566 </subfield>
  </datafield>
  <datafield tag="035" ind1=" " ind2=" ">
    <subfield code="a">(OCoLC)oca01083929</subfield>
  </datafield>
  <datafield tag="040" ind1=" " ind2=" ">
    <subfield code="a">DLC</subfield>
    <subfield code="b">eng</subfield>
    <subfield code="c">DLC</subfield>
    <subfield code="d">OCoLC</subfield>
  </datafield>
  <datafield tag="110" ind1="2" ind2=" ">
    <subfield code="a">Tricofil (Producer cooperative)</subfield>
  </datafield>
  <datafield tag="410" ind1="2" ind2=" ">
    <subfield code="a">Société populaire Tricofil</subfield>
  </datafield>
  <datafield tag="670" ind1=" " ind2=" ">
    <subfield code="a">Boucher, P.-A. Tricofil, tel que vécu! c1982:</subfield>
    <subfield code="b">t.p. (Tricofil) cover p. 4 (coopérative ouvrière de production)</subfield>
  </datafield>
  <datafield tag="670" ind1=" " ind2=" ">
    <subfield code="a">NLC 11/23/83</subfield>
    <subfield code="b">(AACR 2: Tricofil (Producer cooperative))</subfield>
  </datafield>
</record>